@article{ishida,
   author	 = "{石田真也, 井上昂治, 中村静, 高梨克也, 河原達也}",
   title	 = "傾聴対話システムのための発話を促す聞き手応答の生成",
   journal	 = "SIG-SLUD",
   year 	 = "2016",
   volume	 = "B5",
   number	 = "01",
   pages	 = "1--6",
   month	 = "aug"
}

@article{meguro,
author = {Meguro, Toyomi and Minami, Yasuhiro and Higashinaka, Ryuichiro and Dohsaka, Kohji},
title = {Learning to Control Listening-Oriented Dialogue Using Partially Observable {M}arkov Decision Processes},
year = {2014},
issue_date = {December 2013},
publisher = {Association for Computing Machinery},
address = {New York, NY, USA},
volume = {10},
number = {4},
issn = {1550-4875},
url = {https://doi.org/10.1145/2513145},
doi = {10.1145/2513145},
journal = {ACM Trans. Speech Lang. Process.},
month = jan,
articleno = {15},
numpages = {20},
keywords = {dialogue control, listening-oriented dialogue, Dialogue systems, partially observable Markov decision processes}
}
@article{nishimoto,
   author	 = "{西本遥人, 武田龍,  駒谷和範}",
   title	 = "対話コーパスに基づく新たなシステム対話行為の設計の検討",
   journal	 = "SIG-SLUD",
   year 	 = "2019",
   volume	 = "B5",
   number	 = "02",
   pages	 = "101--103",
   OPTmonth	 = "nov"
}

@book{python,
author = "{東中竜一郎, 稲葉通将, 水上雅博}",
title = "pythonでつくる対話システム",
publisher = "オーム社",
note = " ",
year = 2020 
}
@article{nishimoto2,
   author	 = "{西本遥人}",
   title	 = "雑談対話システムにおける対話行為セットの設計と強化学習を用いた発話選択",
   journal	 = "大阪大学工学研究科修士論文（未刊行）",
   year 	 = "2019",
   %volume	 = "B4",
   %number	 = "02",
   %pages	 = "45--50",
   %month	 = "dec"
}
@article{hazumi,
author="{駒谷 和範, 岡田 将吾}",
title="複数の主観評定を付与した人システム間マルチモーダル対話データの収集と分析",
journal="信学技報",
publisher="電子情報通信学会",
year="2019",
month="aug",
volume="119",
number="179",
pages="21-26",
}
@article{higashinaka,
   author	 = "{東中竜一郎, 船越孝太郎}",
   title	 = "{P}roject {N}ext {NLP} 対話タスクにおける雑談対話データの収集と対話破綻アノテーション",
   journal	 = "SIG-SLUD",
   year 	 = "2014",
   volume	 = "B4",
   number	 = "02",
   pages	 = "45--50",
   OPTmonth	 = "dec"
}
@article{satoh,
   author	 = "{佐藤真, 高木友博}",
   title	 = "深層強化学習を用いたシチュエーション対話向け応答選択モデル",
   journal	 = "SIG-SLUD",
   year 	 = "2020",
   volume	 = "B5",
   number	 = "02",
   pages	 = "116--121",
   month	 = "nov"
}
@article{egashira,
  title="雑談対話システムにおける強化学習を用いた応答生成モジュールの選択",
  author="{江頭勇佑, 柴田知秀, 黒橋禎夫}",
  journal="言語処理学会第 18 回年次大会論文集",
  pages="654--657",
  year="2012"
}
@article{saruwatari,
  title={実環境向け音声対話ロボット「キタちゃん」の開発},
  author="{猿渡 洋, 川波 弘道, 鹿野 清宏}",
  journal={日本ロボット学会誌},
  volume={28},
  number={1},
  pages={31-34},
  year={2010},
  doi={10.7210/jrsj.28.31}
}
@inproceedings{yu,
    title = "Strategy and Policy Learning for Non-Task-Oriented Conversational Systems",
    author = "Yu, Zhou  and
      Xu, Ziyu  and
      Black, Alan W  and
      Rudnicky, Alexander",
    booktitle = "Proceedings of the 17th Annual Meeting of the Special Interest Group on Discourse and Dialogue",
    month = sep,
    year = "2016",
    address = "Los Angeles",
    publisher = "Association for Computational Linguistics",
    url = "https://www.aclweb.org/anthology/W16-3649",
    doi = "10.18653/v1/W16-3649",
    pages = "404--412",
}