@article{nishimoto2,
   author	 = "西本遥人 and 武田龍 and 駒谷和範",
   title	 = "雑談対話システムにおける対話行為セットの設計と強化学習を用いた発話選択",
   journal	 = "大阪大学工学研究科修士論文（未刊行）",
   year 	 = "2019",
   %volume	 = "B4",
   %number	 = "02",
   %pages	 = "45--50",
   %month	 = "dec"
}
@article{nishimoto,
   author	 = "西本遥人 and 武田龍 and 駒谷和範",
   title	 = "対話コーパスに基づく新たなシステム対話行為の設計の検討",
   journal	 = "SIG-SLUD",
   year 	 = "2019",
   volume	 = "B5",
   number	 = "02",
   pages	 = "101--103",
   OPTmonth	 = "nov"
}
@article{ishida,
   author	 = "{石田真也, 井上昂治, 中村静, 高梨克也, 河原達也}",
   title	 = "傾聴対話システムのための発話を促す聞き手応答の生成",
   journal	 = "SIG-SLUD",
   year 	 = "2016",
   volume	 = "B5",
   number	 = "01",
   pages	 = "1--6",
   month	 = "aug"
}

}
@article{kuroda,
   author	 = "{黒田佑樹, 武田龍，駒谷和範}",
   title	 = "システム発話間の内容的整合性を用いた強化学習に基づく発話選択",
   journal	 = "情報処理学会第83回全国大会",
   year 	 = "2021",
   pages	 = "4P-03",
   month	 = "march"
}

@article{meguro,
author = {Meguro, Toyomi and Minami, Yasuhiro and Higashinaka, Ryuichiro and Dohsaka, Kohji},
title = {Learning to Control Listening-Oriented Dialogue Using Partially Observable {M}arkov Decision Processes},
year = {2014},
issue_date = {December 2013},
publisher = {Association for Computing Machinery},
address = {New York, NY, USA},
volume = {10},
number = {4},
issn = {1550-4875},
url = {https://doi.org/10.1145/2513145},
doi = {10.1145/2513145},
journal = {ACM Trans. Speech Lang. Process.},
month = jan,
articleno = {15},
numpages = {20},
keywords = {dialogue control, listening-oriented dialogue, Dialogue systems, partially observable Markov decision processes}
}

@article{Hazumi,
author="駒谷 和範 and 岡田 将吾",
title="複数の主観評定を付与した人システム間マルチモーダル対話データの収集と分析",
OPTjournal="電子情報通信学会技術研究報告 = IEICE technical report : 信学技報",
journal="信学技報",
ISSN="0913-5685",
publisher="電子情報通信学会",
year="2019",
OPTmonth="aug",
volume="119",
number="179",
pages="21-26",
URL="https://ci.nii.ac.jp/naid/40021997084/",
DOI="",
}
@article{DQN_origin,
      title={Playing Atari with Deep Reinforcement Learning}, 
      author={Volodymyr Mnih and Koray Kavukcuoglu and David Silver and Alex Graves and Ioannis Antonoglou and Daan Wierstra and Martin Riedmiller},
      year={2013},
      eprint={1312.5602},
      archivePrefix={arXiv},
      primaryClass={cs.LG}
}

@article{higashinaka,
   author	 = "東中竜一郎 and 船越孝太郎",
   title	 = "{P}roject {N}ext {NLP} 対話タスクにおける雑談対話データの収集と対話破綻アノテーション",
   journal	 = "SIG-SLUD",
   year 	 = "2014",
   volume	 = "B4",
   number	 = "02",
   pages	 = "45--50",
   OPTmonth	 = "dec"
}