@article{nishimoto2,
   author	 = "西本遥人 and 武田龍 and 駒谷和範",
   title	 = "雑談対話システムにおける対話行為セットの設計と強化学習を用いた発話選択",
   journal	 = "大阪大学工学研究科修士論文（未刊行）",
   year 	 = "2019",
   %volume	 = "B4",
   %number	 = "02",
   %pages	 = "45--50",
   %month	 = "dec"
}
@article{nishimoto,
   author	 = "西本遥人 and 武田龍 and 駒谷和範",
   title	 = "対話コーパスに基づく新たなシステム対話行為の設計の検討",
   journal	 = "SIG-SLUD",
   year 	 = "2019",
   volume	 = "B5",
   number	 = "02",
   pages	 = "101--103",
   OPTmonth	 = "nov"
}

@article{Hazumi,
author="駒谷 和範 and 岡田 将吾",
title="複数の主観評定を付与した人システム間マルチモーダル対話データの収集と分析",
OPTjournal="電子情報通信学会技術研究報告 = IEICE technical report : 信学技報",
journal="信学技報",
ISSN="0913-5685",
publisher="電子情報通信学会",
year="2019",
OPTmonth="aug",
volume="119",
number="179",
pages="21-26",
URL="https://ci.nii.ac.jp/naid/40021997084/",
DOI="",
}
@article{higashinaka,
   author	 = "東中竜一郎 and 船越孝太郎",
   title	 = "{P}roject {N}ext {NLP} 対話タスクにおける雑談対話データの収集と対話破綻アノテーション",
   journal	 = "SIG-SLUD",
   year 	 = "2014",
   volume	 = "B4",
   number	 = "02",
   pages	 = "45--50",
   OPTmonth	 = "dec"
}